
@book{DUK89b,
	author = 	 {Dementia UK},
	title = 	 {Life Story template},
	publisher = 	 {Versión electrónica},
	year = 	 2023
}
@proceedings{iswc2007,
	title = {6th International Semantic Web Conference, 2nd Asian Semantic Web Conference, {ISWC} 2007 + {ASWC} 2007, Busan, Korea, November 11-15, 2007, Proceedings},
	year = {2007},
	editor = {Paulo Pinheiro da Silva and Naoki Sugiura and Elena Simperl and Evan Wallace and Hyoil Han},
	publisher = {Springer},
	series = {Lecture Notes in Computer Science},
	volume = {4825},
	doi = {10.1007/978-3-540-76298-0},
	isbn = {978-3-540-76297-3},
}

@article{champin2002rdf,
	title={RDF Tutorial},
	author={Champin, Pierre-Antoine},
	year={2002},
	month={01},
	day={18},
}

@misc{recuerdame2.0,
	title = {Recuérdame 2.0: Mejorando una aplicación de apoyo para el tratamiento de personas con problemas de memoria mediante terapias basadas en reminiscencia},
	author = {Díez Sobrino, Cristina and Guerrero Sosa, Eros and Prieto Campo, Adrián and Martínez González, Pablo and Arias Rodríguez-Peña, Sergio},
	year = {2023},
	note = {Trabajo de Fin de Grado, Universidad Complutense de Madrid},
}

@misc{recuerdame1.0,
	title = {Recuérdame 1.0: Aplicación de apoyo para el tratamiento de personas con problemas de memoria mediante terapias basadas en reminiscencia},
	author = {Barquilla Blanco, Cristina and Díez García, Patricia and Marco Mulas López, Santiago and Verdú Rodríguez, Eva},
	year = {2022},
	note = {Trabajo de Fin de Grado, Universidad Complutense de Madrid},
}

@misc{lucia_latorre_magaz,
	author = {Lucía Latorre Magaz},
	title = {Grado en Ingeniería Informática},
	year = {2023},
	institution = {Universidad Complutense de Madrid},
	note = {Curso 2022-2023}
}


@book{bird2009natural,
	title = {Natural Language Processing with Python},
	author = {Bird, Steven and Klein, Ewan and Loper, Edward},
	year = {2009},
	publisher = {O'Reilly Media, Inc.},
	isbn = {9780596516499}
}

@article{kudo2018sentencepiece,
	title={SentencePiece: A simple and language independent subword tokenizer and detokenizer for Neural Text Processing},
	author={Kudo, Taku and Richardson, John},
	journal={arXiv preprint arXiv:1808.06226},
	year={2018},
	archivePrefix={arXiv},
	primaryClass={cs.CL},
	url={https://arxiv.org/abs/1808.06226},
	doi={10.48550/arXiv.1808.06226}
}

@article{touvron2023llama,
	title={LLaMA: Open and Efficient Foundation Language Models},
	author={Touvron, Hugo and Lavril, Thibaut and Izacard, Gautier and Martinet, Xavier and Lachaux, Marie-Anne and Lacroix, Timothée and Rozière, Baptiste and Goyal, Naman and Hambro, Eric and Azhar, Faisal and Rodriguez, Aurelien and Joulin, Armand and Grave, Edouard and Lample, Guillaume},
	journal={arXiv preprint arXiv:2302.13971},
	year={2023},
	archivePrefix={arXiv},
	primaryClass={cs.CL},
	url={https://arxiv.org/abs/2302.13971},
	doi={10.48550/arXiv.2302.13971}
}

@mastersthesis{aguilera2021extraccion,
	author = {Aguilera Heredero, Pablo and Molina Muñoz, Cristian},
	title = {Extracción de información personal a partir de redes sociales para la creación de un libro de vida},
	school = {Facultad de Informática, Universidad Complutense de Madrid},
	year = {2021},
}

@mastersthesis{boto2021extraccion,
	author = {Boto, Aizel and Portillo Torres, Alejandro and Sanz Mayo, Daniel and Portillo Torres, Roberto},
	title = {Extracción de preguntas a partir de imágenes para personas con problemas de memoria mediante técnicas de Deep Learning},
	school = {Facultad de Informática, Universidad Complutense de Madrid},
	year = {2021},
}

@article{GPT4,
	title={GPT-4 Technical Report, 
	author={Josh Achiam and Steven Adler and Sandhini Agarwal and Lama Ahmad and Ilge Akkaya and Florencia Leoni Aleman and Diogo Almeida},
	year={2023},
	month={3},
	howpublished={OpenAI},
    webpage = {https://arxiv.org/abs/2303.08774}
}


@misc{radford2018improving,
	title={Improving Language Understanding by Generative Pre-Training},
	author={Radford, Alec and Narasimhan, Karthik and Salimans, Tim and Sutskever, Ilya},
	year={2018},
	month={6},
	day={11},
	howpublished={OpenAI},
	note={Archived (PDF) from the original on 26 January 2021. Retrieved 23 January 2021}
}

@article{transformers,
 	title={Advances in neural information processing systems}, 
 	author={Vaswani and A.Shazeer and N.Parmar and N.Uszkoreit and J Jones and L.Gomez and A. N., Kaiser and Polosukhin},
 	year={2023},
 	volume = 30, 
 	year = 2017
 }
 
@article{radford2019language,
	author = {Radford, A. and Wu, J. and Child, R. and Luan, D. and Amodei, D. and Sutskever, I.},
	title = {Language models are unsupervised multitask learners},
	year = {2019}
}
@Article{cristinaalameda,
	author = 	 {Cristina Alameda Salas},
	title = 	 {Generación de historias de vida usando técnicas de Deep Learning},
	webpage = {https://docta.ucm.es/entities/publication/28458f98-f632-4b80-a883-a4c3169f9dbd},
	year = 	 2020
}
@inproceedings{zhu2015aligning,
	title={Aligning books and movies: Towards story-like visual explanations by watching movies and reading books},
	author={Zhu, Yukun and Kiros, Ryan and Zemel, Richard and Salakhutdinov, Ruslan and Urtasun, Raquel and Torralba, Antonio and Fidler, Sanja},
	booktitle={The IEEE International Conference on Computer Vision (ICCV)},
	year={2015}
}

@inproceedings{wang2019bert,
	title={BERT has a mouth, and it must speak: BERT as a Markov random field language model},
	author={Wang, Alex and Cho, Kyunghyun},
	booktitle={Proceedings of the Workshop on Methods for Optimizing and Evaluating Neural Language Generation},
	pages={30--36},
	year={2019},
	organization={Association for Computational Linguistics},
	address={Minneapolis, Minnesota}
}

@article{rajasekharan2019review,
	title={A review of BERT based models},
	author={Rajasekharan, Arun},
	year={2019}
}

@inproceedings{canete2020spanish,
	title={Spanish pretrained BERT model and evaluation data},
	author={Ca{\~n}ete, Juan and Chaperon, Guillaume and Fuentes, Rodrigo and Ho, James-Hanson and Kang, Haeju and P{\'e}rez, Javier},
	booktitle={PML4DC at ICLR 2020},
	year={2020}
}


@inproceedings{devlin2019bert,
	title={Bert: Pre-training of deep bidirectional transformers for language understanding},
	author={Devlin, Jacob and Chang, Ming-Wei and Lee, Kenton and Toutanova, Kristina},
	booktitle={NAACL},
	year={2019}
}

@book{rothman2022transformers,
	author = {Rothman, D.},
	title = {Transformers for Natural Language Processing},
	edition = {2nd},
	year = {2022},
	publisher = {Packt Publishing}
}

 
 @inproceedings{tu2018transfer,
 	title={Transfer learning on convolutional neural networks for dog identification},
 	author={Tu, X. and Lai, K. and Yanushkevich, S.},
 	booktitle={2018 IEEE 9th International Conference on Software Engineering and Service Science (ICSESS)},
 	pages={357--360},
 	year={2018},
 	organization={IEEE}
 }
 
 @article{slovikovskaya2019transfer,
 	title={Transfer learning from transformers to fake news challenge stance detection (fnc-1) task},
 	author={Slovikovskaya, Victoria},
 	journal={arXiv preprint arXiv:1910.14353},
 	year={2019}
 }
 
 
 
 @article{yang2023harnessing,
	title={Harnessing the Power of LLMs in Practice: A Survey on ChatGPT and Beyond}, 
	author={Jingfeng Yang and Hongye Jin and Ruixiang Tang and Xiaotian Han and Qizhang Feng and Haoming Jiang and Bing Yin and Xia Hu},
	year={2023},
	eprint={2304.13712},
	archivePrefix={arXiv},
	primaryClass={cs.CL}
}

@Article{wordEmbeddings,
	author = 	 {T. Mikolov and I. Sutskever and K. Chen, G. Corrado and and J. Dean},
	title = 	 {istributed Representations of Words and Phrases  and  their  Compositionality},
	journal = 	 {arXiv},
	webpage = {https://doi.org/10.48550/arXiv.1310.4546},
	year = 	 2023
}

@Article{T5,
	author = 	 {Colin Raffel and Noam Shazeer and Adam Roberts and Katherine Lee and Sharan Narang and Michael Matena and Yanqi Zhou and Wei Li and Peter J. Liu},
	title = 	 {Exploring the Limits of Transfer Learning with a Unified Text-to-Text Transformer},
	journal = 	 {Journal of Machine Learning Research 21 (2020) 1-67},
	 webpage = {https://jmlr.org/papers/volume21/20-074/20-074.pdf},
	volume = 2020,
	year = 	 2020
}


@book{ldesc2e,
	author = 	 {Tom'as Bautista and Tobias Oetiker and Hubert Partl and Irene Hyna and Elisabeth Schlegl},
	title = 	 {Una Descripción de \LaTeXe},
	publisher = 	 {Versión electrónica},
	year = 	 1998
}

@book{ldesc2e,
  author = 	 {Tom'as Bautista and Tobias Oetiker and Hubert Partl and Irene Hyna and Elisabeth Schlegl},
  title = 	 {Una Descripción de \LaTeXe},
  publisher = 	 {Versión electrónica},
  year = 	 1998
}

@book{notsoshort,
  author =	 {Tobias Oetiker and Hubert Partl and Irene Hyna and Elisabeth Schlegl},
  title = 	 {The Not So Short Introduction to \LaTeXe},
  publisher = 	 {Versión electrónica},
  year = 	 1996
}

@book{latexAPrimer,
  editor =	 {E. Krishnan},
  title = 	 {\LaTeX\ Tutorials. A primer},
  publisher = 	 {Indian \TeX\ Users Group},
  year = 	 2003
}

@book{latexCompanion,
  author =	 {Frank Mittelbach and Michel Goossens and Johannes Braams and David Carlisle and Chris Rowley},
  title = 	 {The \LaTeX\ Companion},
  publisher = 	 {Addison-Wesley Professional},
  year = 	 2004,
  edition =	 {segunda}
}

@Book{LaTeXLamport,
  author =	 {Leslie Lamport},
  title = 	 {\LaTeX: A Document Preparation System, 2nd Edition},
  publisher = 	 {Addison-Wesley Professional},
  year = 	 1994
}

@Book{texKnuth,
  author =	 {Donald E. Knuth},
  title = 	 {The \TeX\ book},
  publisher = 	 {Addison-Wesley Professional.},
  year = 	 1986
}

@Book{texImpatient,
  author =	 {Paul W. Abrahams},
  title = 	 {\TeX\ for the Impatient},
  publisher = 	 {Addison Wesley Publishing Company},
  year = 	 1990
}

@Book{texByTopic,
  author =	 {Victor Eijkhout},
  title = 	 {\TeX\ by Topic, a \TeX nician's Reference},
  publisher = 	 {Addison-Wesley},
  year = 	 1991
}

@Article{LatexAndSVN,
  author = 	 {Mark Eli Kalderon},
  title = 	 {{\LaTeX} and {S}ubversion},
  journal = 	 {The Prac\TeX\ Journal},
  volume = 2007,
  year = 	 2007,
  number =	 3
}

@Article{PaquetesSVNLatex,
  author = 	 {Uwe Ziegenhagen},
  title = 	 {{\LaTeX} Document Management with {S}ubversion},
  journal = 	 {The Prac\TeX\ Journal},
  volume = 2007,
  year = 	 2007,
  number =	 3
}


@Article{SVNmulti,
  author = 	 {Martin Scharrer},
  title = 	 {Version Control of {\LaTeX} Documents with svn-multi},
  journal = 	 {The Prac\TeX\ Journal},
  year = 	 2007,
  volume = 2007,
  number =	 3
}

@Article{BibTeXPracTex,
  author = 	 {J\"urgen Fenn},
  title = 	 {Managing Citations and Your Bibliography with {BibTeX}},
  journal = 	 {The Prac\TeX\ Journal},
  year = 	 2006,
  volume = 2006,
  number =	 4
}

@Book{AtazLopez,
  author = {Joaquín Ataz López},
  title =	 {Gu{\'{i}}a \emph{casi} completa de {BibTeX}},
  publisher = 	 {Versión electrónica},
  year = 	 {2006},
  webpage = {ftp://ftp.ctan.org/tex-archive/info/spanish/guia-bibtex/guia-bibtex.pdf},
  lastaccess = {Octubre, 2009},
}

@article{BibTexOriginal,
  author =	 {Oren Patashnik},
  title =	 {{BibTeX}ing},
  month =	 feb,
  year =	 1988,
  webpage = {ftp://ftp.ctan.org/tex-archive/biblio/bibtex/contrib/doc/btxdoc.pdf},
  lastaccess = {Octubre, 2009},
}

@Article{patashnik1988a,
  author =	 {Oren Patashnik},
  title =	 {Designing {BibTeX} Styles},
  month =	 feb,
  year =	 1988,
  webpage = {ftp://ftp.ctan.org/tex-archive/biblio/bibtex/contrib/doc/btxhak.pdf},
  lastaccess = {Octubre, 2009},
}

@Book{Flynn05,
  author =	 {Peter Flynn},
  title = 	 {A beginner's introduction to typesetting with \LaTeX},
  publisher = 	 {The Comprehensive TeX Archive Network},
  year = 	 2005
}

@Book{AtazLopezEmacs,
  author = {Joaquín Ataz López},
  title =	 {Creación de ficheros \LaTeX\ con {GNU} Emacs},
  publisher = 	 {Versión electrónica},
  year = 	 {2004},
  webpage = {http://ctan.org/get/info/spanish/guia-atx/guia-atx.pdf},
  lastaccess = {Octubre, 2009},
}
